@article{kuby1987programming,
  title={Programming models for facility dispersion: The p-dispersion and maxisum dispersion problems},
  author={Kuby, Michael J},
  journal={Geographical Analysis},
  volume={19},
  number={4},
  pages={315--329},
  year={1987},
  publisher={Wiley Online Library}
}
@article{sayah2017new,
  title={A new compact formulation for the discrete p-dispersion problem},
  author={Sayah, David and Irnich, Stefan},
  journal={European Journal of Operational Research},
  volume={256},
  number={1},
  pages={62--67},
  year={2017},
  publisher={Elsevier}
}
